@article{Andina2009,
  title   = "Artificial
Metaplasticity can Improve Artificial Neural Networks Learning",
  journal = "Intelligent Automation \& Soft Computing,",
  volume  = "26",
  pages   = "683-696",
  year    = "2009",
  author  = "D. Andina , A. Álvarez-Vellisco , J. Aleksandar and J. Fombellida"
}

@book{haykin99a,
  author = {Haykin, Simon},
  publisher = {Prentice Hall},
  title = {Neural Networks: A Comprehensive Foundation},
  year = 1999
}

